<record><leader>00000cas a22000007a 4500</leader><controlfield tag="001">16000480</controlfield><controlfield tag="008">870619d19231924inudn ne      0    0eng d</controlfield><datafield ind1=" " ind2=" " tag="010"><subfield code="a">sn 87056271 </subfield></datafield><datafield ind1=" " ind2=" " tag="040"><subfield code="a">NPI</subfield><subfield code="b">eng</subfield><subfield code="c">NPI</subfield><subfield code="d">OCLCQ</subfield><subfield code="d">NPI</subfield></datafield><datafield ind1=" " ind2=" " tag="042"><subfield code="a">msc</subfield></datafield><datafield ind1="0" ind2="4" tag="245"><subfield code="a">The Laporte daily argus.</subfield></datafield><datafield ind1="3" ind2="0" tag="246"><subfield code="a">La Porte daily argus</subfield></datafield><datafield ind1=" " ind2=" " tag="260"><subfield code="a">Laporte, Ind. :</subfield><subfield code="b">Argus-Bulletin Co.,</subfield><subfield code="c">1923-1924.</subfield></datafield><datafield ind1=" " ind2=" " tag="310"><subfield code="a">Daily (except Sun.)</subfield></datafield><datafield ind1="0" ind2=" " tag="362"><subfield code="a">Vol. 17, no. 164 (Feb. 10, 1923)-v. 30, no. 65 (Oct. 18, 1924).</subfield></datafield><datafield ind1=" " ind2=" " tag="752"><subfield code="a">United States</subfield><subfield code="b">Indiana</subfield><subfield code="c">LaPorte</subfield><subfield code="d">LaPorte.</subfield></datafield><datafield ind1="0" ind2="0" tag="780"><subfield code="t">Porte argus (LaPorte, Ind. : Daily)</subfield><subfield code="w">(DLC)sn 87056270</subfield></datafield><datafield ind1="0" ind2="7" tag="785"><subfield code="t">Daily herald (LaPorte, Ind.)</subfield><subfield code="w">(DLC)sn 87056258</subfield></datafield><datafield ind1="0" ind2="7" tag="785"><subfield code="t">Porte herald-argus</subfield><subfield code="w">(DLC)sn 82014732</subfield></datafield></record>